@inproceedings{Dagger,
  author    = {Bhargav S. Gulavani and
               Supratik Chakraborty and
               Aditya V. Nori and
               Sriram K. Rajamani},
  title     = {Automatically Refining Abstract Interpretations},
  booktitle = {TACAS},
  year      = {2008}
}

@inproceedings{CousotGanty,
  author    = {Patrick Cousot and
               Pierre Ganty and
               Jean-Fran\c{c}ois Raskin},
  title     = {Fixpoint-Guided Abstraction Refinements},
  booktitle = {SAS},
  year      = {2007}
}

@inproceedings{ClarkeCEGAR,
  author    = {Edmund M. Clarke and
               Orna Grumberg and
               Somesh Jha and
               Yuan Lu and
               Helmut Veith},
  title     = {Counterexample-Guided Abstraction Refinement},
  booktitle = {CAV},
  year      = {2000},
  pages     = {154-169},
  bibsource = {DBLP, http://dblp.uni-trier.de}
}

@inproceedings{RelativeCompletenessPodelski,
  author    = {Thomas Ball and
               Andreas Podelski and
               Sriram K. Rajamani},
  title     = {Relative Completeness of Abstraction Refinement for Software
               Model Checking},
  booktitle = {TACAS},
  year      = {2002}
}

@inproceedings{BlastLazy02,
  author    = {Thomas A. Henzinger and
               Ranjit Jhala and
               Rupak Majumdar and
               Gr{\'e}goire Sutre},
  title     = {Lazy abstraction},
  booktitle = {POPL},
  year      = {2002},
  pages     = {58-70},
  ee        = {http://doi.acm.org/10.1145/503272.503279},
  bibsource = {DBLP, http://dblp.uni-trier.de}
}

@inproceedings{Blast04,
  author    = {Thomas A. Henzinger and
               Ranjit Jhala and
               Rupak Majumdar and
               Kenneth L. McMillan},
  title     = {Abstractions from proofs},
  booktitle = {POPL},
  year      = {2004}
}

@INPROCEEDINGS{PathInv,
AUTHOR        = {Beyer, Dirk and Henzinger, Thomas A. and Majumdar, Rupak
                 and Rybalchenko, Andrey}, 
TITLE         = {Path invariants},
BOOKTITLE     = {PLDI},
YEAR         = 2007
}

@inproceedings{lattice77,
  author    = {Patrick Cousot and
               Radhia Cousot},
  title     = {Abstract Interpretation: A Unified Lattice Model for Static
               Analysis of Programs by Construction or Approximation of
               Fixpoints},
  booktitle = {POPL},
  year      = {1977},
  pages     = {238-252},
  ee        = {http://doi.acm.org/10.1145/512950.512973},
  bibsource = {DBLP, http://dblp.uni-trier.de}
}

@inproceedings{RanzatoFollowUp,
  author    = {Francesco Ranzato and
               Olivia Rossi-Doria and
               Francesco Tapparo},
  title     = {A Forward-Backward Abstraction Refinement Algorithm},
  booktitle = {VMCAI},
  year      = 2008,
}

@inproceedings{GulavaniTACAS06,
  author    = {Bhargav S. Gulavani and
               Sriram K. Rajamani},
  title     = {Counterexample Driven Refinement for Abstract Interpretation},
  booktitle = {TACAS},
  year      = {2006}
}





@inproceedings{VMCAI07-Inv,
  author =       {D. Beyer and T. Henzinger and R. Majumdar and A.Rybalchenko},
  title = {Invariant synthesis for combined theories},
  booktitle = {VMCAI},
  year =         2007,
}


@inproceedings{COMPDART,
  author    = {Patrice Godefroid},
  title     = {Compositional dynamic test generation},
  booktitle = {POPL},
  year      = {2007},
}

@inproceedings{Benchmarks07,
  author    = {Kevin Ku and Tom Hart and Marsha Chechik and David Lie},
  title     = {A Buffer Overflow Benchmark For Software Model Checkers},
  booktitle = {ASE},
  year      = {2007},
}


@inproceedings{Flanagan06,
  author    = {Cormac Flanagan},
  title     = {Hybrid type checking},
  booktitle = {POPL},
  year      = {2006},
  pages     = {245--256},
  publisher = {ACM},
}

@inproceedings{CousotVMCAI,
   author =    {Cousot, P{.}},
   title =     {Proving Program Invariance and Termination by Parametric
                Abstraction, Lagrangian Relaxation and Semidefinite 
                Programming}, 
   booktitle = {VMCAI},
   year =      2005,
}

@MANUAL{clpqr,
author       = {Holzbaur, C{.}},
title        = {OFAI clp(q,r) Manual, Edition 1.3.3},
organization = {Austrian Research Institute for Artificial Intelligence, Vienna},
note         = {TR-95-09},
year         = 1995,
}

@MANUAL{sicstus,
author       = {{The Intelligent Systems Laboratory}},
title        = {SICStus Prolog User's Manual},
organization = {Swedish Institute of Computer Science},
year         = 2001,
note         = {Release 3.8.7},
}


@incollection{CousotAPCT84,
   author =    {Cousot, P{.} and Cousot, R{.}},
   title =     {Invariance Proof Methods and Analysis Techniques For Parallel
                Programs},
   booktitle = {Automatic Program Construction Techniques},
   publisher = {Macmillan},
   year =      1984,
}

@inproceedings{GrafSaidi,
  author    = {Susanne Graf and
               Hassen Sa\"{\i}di},
  title     = {Construction of Abstract State Graphs with {PVS}},
  booktitle = {CAV},
  year      = {1997},
  pages     = {72-83},
  ee        = {http://dx.doi.org/10.1007/3-540-63166-6_10},
  bibsource = {DBLP, http://dblp.uni-trier.de}
}

@inproceedings{PLDI07ThreadTermination,
  author    = {Byron Cook and
               Andreas Podelski and
               Andrey Rybalchenko},
  title     = {Proving thread termination},
  booktitle = {PLDI},
  year      = {2007},
  pages     = {320-330},
  ee        = {http://doi.acm.org/10.1145/1250734.1250771},
  bibsource = {DBLP, http://dblp.uni-trier.de}
}

@inproceedings{HenzingerPLDI04,
  author    = {Thomas A. Henzinger and
               Ranjit Jhala and
               Rupak Majumdar},
  title     = {Race checking by context inference},
  booktitle = {PLDI},
  year      = {2004},
  pages     = {1-13},
  ee        = {http://doi.acm.org/10.1145/996841.996844},
  bibsource = {DBLP, http://dblp.uni-trier.de}
}

@inproceedings{LuASPLOS08,
  author    = {Shan Lu and
               Soyeon Park and
               Eunsoo Seo and
               Yuanyuan Zhou},
  title     = {Learning from mistakes: a comprehensive study on real world
               concurrency bug characteristics},
  booktitle = {ASPLOS},
  year      = {2008},
  pages     = {329-339},
  ee        = {http://doi.acm.org/10.1145/1346281.1346323},
  bibsource = {DBLP, http://dblp.uni-trier.de}
}

@inproceedings{LaTorreCAV09,
  author    = {Salvatore La Torre and
               P. Madhusudan and
               Gennaro Parlato},
  title     = {Reducing Context-Bounded Concurrent Reachability to Sequential
               Reachability},
  booktitle = {CAV},
  year      = {2009},
}

@article{ChakiFMSD04,
  author    = {Sagar Chaki and
               Edmund M. Clarke and
               Alex Groce and
               Jo{\"e}l Ouaknine and
               Ofer Strichman and
               Karen Yorav},
  title     = {Efficient Verification of Sequential and Concurrent {C} Programs},
  journal   = {Formal Methods in System Design},
  volume    = {25},
  number    = {2-3},
  year      = {2004},
  pages     = {129-166},
  ee        = {http://www.springerlink.com/index/10.1023/B:FORM.0000040026.56959.91},
  bibsource = {DBLP, http://dblp.uni-trier.de}
}

@inproceedings{RelyGuarantee,
  author    = {Cliff B. Jones},
  title     = {Specification and Design of (Parallel) Programs},
  booktitle = {IFIP Congress},
  year      = {1983},
  pages     = {321-332},
  bibsource = {DBLP, http://dblp.uni-trier.de}
}

@inproceedings{EsparzaTACAS06,
  author    = {Javier Esparza and
               Stefan Kiefer and
               Stefan Schwoon},
  title     = {Abstraction Refinement with {C}raig Interpolation and Symbolic
               Pushdown Systems},
  booktitle = {TACAS},
  year      = {2006},
}

@misc{Bakery,
  author    = "",
  title     = "",
  note      = "http://nob.cs.ucdavis.edu/classes/ecs150-1999-02/sync-bakery.html"
}

@article{LamportTCS87,
  author    = {Leslie Lamport},
  title     = {A Fast Mutual Exclusion Algorithm},
  journal   = {ACM Trans. Comput. Syst.},
  volume    = {5},
  number    = {1},
  year      = {1987},
  pages     = {1-11},
  ee        = {http://doi.acm.org/10.1145/7351.7352},
  bibsource = {DBLP, http://dblp.uni-trier.de}
}

@inproceedings{BarDavidDISC03,
  author    = {Yoah Bar-David and
               Gadi Taubenfeld},
  title     = {Automatic Discovery of Mutual Exclusion Algorithms},
  booktitle = {DISC},
  year      = {2003},
  pages     = {136-150},
  ee        = {http://springerlink.metapress.com/openurl.asp?genre=article{\&}issn=0302-9743{\&}volume=2848{\&}spage=136},
  bibsource = {DBLP, http://dblp.uni-trier.de}
}

@article{LamportCACM74,
  author    = {Leslie Lamport},
  title     = {A New Solution of {D}ijkstra's Concurrent Programming Problem},
  journal   = {Commun. ACM},
  volume    = {17},
  number    = {8},
  year      = {1974},
  pages     = {453-455},
  bibsource = {DBLP, http://dblp.uni-trier.de}
}

@book{MannSafetyBook95,
  author    = {Manna, Zohar and Pnueli, Amir},
  title     = {Temporal verification of reactive systems: safety},
  year      = {1995},
  publisher = {Springer-Verlag}
}

@inproceedings{BET03,
    author = {A. Bouajjani and J. Esparza and T. Touili},
    booktitle = {POPL},
    title = {A Generic Approach to the Static Analysis of Concurrent Programs with Procedures},
    year = {2003}
}

@inproceedings{ThreadModularFlanaganQadeer,
  author    = {Cormac Flanagan and
               Shaz Qadeer},
  title     = {Thread-Modular Model Checking},
  booktitle = {SPIN},
  year      = {2003},
  pages     = {213-224},
  ee        = {http://link.springer.de/link/service/series/0558/bibs/2648/26480213.htm},
  bibsource = {DBLP, http://dblp.uni-trier.de}
}

@inproceedings{CalvinESOP,
  author    = {Cormac Flanagan and
               Stephen N. Freund and
               Shaz Qadeer},
  title     = {Thread-Modular Verification for Shared-Memory Programs},
  booktitle = {ESOP},
  year      = {2002},
  pages     = {262-277},
  ee        = {http://link.springer.de/link/service/series/0558/bibs/2305/23050262.htm},
  bibsource = {DBLP, http://dblp.uni-trier.de}
}

@inproceedings{RefinementSAS05,
  author    = {Byron Cook and
               Andreas Podelski and
               Andrey Rybalchenko},
  title     = {Abstraction Refinement for Termination},
  booktitle = {SAS},
  year      = {2005},
  pages     = {87-101},
  ee        = {http://dx.doi.org/10.1007/11547662_8},
  bibsource = {DBLP, http://dblp.uni-trier.de}
}

@inproceedings{TerminatorPLDI06,
  author    = {Byron Cook and
               Andreas Podelski and
               Andrey Rybalchenko},
  title     = {Termination proofs for systems code},
  booktitle = {PLDI},
  year      = {2006},
}

@inproceedings{PrecondCAV08,
  author    = {Byron Cook and
               Sumit Gulwani and
               Tal Lev-Ami and
               Andrey Rybalchenko and
               Mooly Sagiv},
  title     = {Proving Conditional Termination},
  booktitle = {CAV},
  year      = {2008},
  pages     = {328-340},
  ee        = {http://dx.doi.org/10.1007/978-3-540-70545-1_32},
  bibsource = {DBLP, http://dblp.uni-trier.de}
}

@inproceedings{TNTPOPL08,
  author    = {Ashutosh Gupta and
               Thomas A. Henzinger and
               Rupak Majumdar and
               Andrey Rybalchenko and
               Ru-Gang Xu},
  title     = {Proving non-termination},
  booktitle = {POPL},
  year      = {2008},
  pages     = {147-158},
  ee        = {http://doi.acm.org/10.1145/1328438.1328459},
  bibsource = {DBLP, http://dblp.uni-trier.de}
}

@inproceedings{WideningUpTo,
  author    = {Nicolas Halbwachs},
  title     = {Delay Analysis in Synchronous Programs},
  booktitle = {CAV},
  year      = {1993},
  pages     = {333-346},
  ee        = {http://dx.doi.org/10.1007/3-540-56922-7_28},
  bibsource = {DBLP, http://dblp.uni-trier.de}
}

@article{Floyd,
  author    = {Robert W. Floyd},
  journal   = {Mathematical aspects of computer science},
  pages     = {1},
  title     = {Assigning meanings to programs},
  year      = {1967}
}

@inproceedings{MalkisICTAC06,
  author    = {Alexander Malkis and
               Andreas Podelski and
               Andrey Rybalchenko},
  title     = {Thread-Modular Verification Is Cartesian Abstract Interpretation},
  booktitle = {ICTAC},
  year      = {2006},
  pages     = {183-197},
  ee        = {http://dx.doi.org/10.1007/11921240_13},
  bibsource = {DBLP, http://dblp.uni-trier.de}
}

@inproceedings{InvGenCAV03,
   author    = "M. Col{\'o}n and S. Sankaranarayanan and H.B. Sipma",
   title     = "Linear Invariant Generation Using Non-linear Constraint Solving",
   booktitle = "CAV",
   year      = "2003"
}

@inproceedings{GulwaniPLDI08,
  author    = {Sumit Gulwani and
               Saurabh Srivastava and
               Ramarathnam Venkatesan},
  title     = {Program analysis as constraint solving},
  booktitle = {PLDI},
  year      = {2008},
}

@inproceedings{InvGenTACAS09,
  author    = {Ashutosh Gupta and
               Rupak Majumdar and
               Andrey Rybalchenko},
  title     = {From Tests to Proofs},
  booktitle = {TACAS},
  year      = {2009},
}

@inproceedings{SankaranarayananVMCAI05,
   author    = "S. Sankaranarayanan and H.B. Sipma and Z. Manna",
   title     = "Scalable Analysis of Linear Systems Using {M}athematical {P}rogramming",
   booktitle = "VMCAI",
   year      = "2005"
}

@inproceedings{CohenCAV07,
  author    = {Ariel Cohen and
               Kedar S. Namjoshi},
  title     = {Local Proofs for Global Safety Properties},
  booktitle = {CAV},
  year      = 2007,
  pages     = {55-67},
  ee        = {http://dx.doi.org/10.1007/978-3-540-73368-3_9},
  bibsource = {DBLP, http://dblp.uni-trier.de}
}

@phdthesis{GodefroidPhd94,
  author    = {Patrice Godefroid},
  title     = {Partial-Order Methods for the Verification of Concurrent Systems - An Approach to the State-Explosion Problem},
  school    = {University of Liege, Computer Science Department},
  year      = {1994}
}

@article{BjornerFMSD00,
  author    = {Nikolaj Bj{\o}rner and
               Anca Browne and
               Michael Col{\'o}n and
               Bernd Finkbeiner and
               Zohar Manna and
               Henny Sipma and
               Tom{\'a}s E. Uribe},
  title     = {Verifying Temporal Properties of Reactive Systems: A {STeP}
               Tutorial},
  journal   = {FMSD},
  volume    = {16},
  number    = {3},
  year      = {2000}
}

@inproceedings{PekMIPRO05,
  author    = {Edgar Pek and Nikola Bogunovic},
  title     = {Verification of Infinite State Mutual Exclusion Protocols},
  booktitle = {MIPRO},
  year      = 2005,
}

@inproceedings{JaffarVMCAI06,
  author    = {Joxan Jaffar and
               Andrew E. Santosa and
               Razvan Voicu},
  title     = {Relative Safety},
  booktitle = {VMCAI},
  year      = {2006}
}

@inproceedings{GlusmanTACAS03,
  author    = {Marcelo Glusman and
               Gila Kamhi and
               Sela Mador-Haim and
               Ranan Fraer and
               Moshe Y. Vardi},
  title     = {Multiple-Counterexample Guided Iterative Abstraction Refinement:
               An Industrial Evaluation},
  booktitle = {TACAS},
  year      = {2003}
}

@inproceedings{MacMillianJhalaCAV07,
  author    = {Ranjit Jhala and
               Kenneth L. McMillan},
  title     = {Array Abstractions from Proofs},
  booktitle = {CAV},
  year      = {2007},
}

@inproceedings{Z3,
  author    = {Leonardo Mendon\c{c}a de Moura and
               Nikolaj Bj{\o}rner},
  title     = {Z3: An Efficient {SMT} Solver},
  booktitle = {TACAS},
  year      = {2008},
}
@inproceedings{BallSPIN01,
  author    = {Ball, T. and Rajamani, S.K.},
  title     = {Automatically Validating Temporal Safety Properties of Interfaces},
  booktitle = {SPIN},
  year      = {2001},
}

@inproceedings{RybalPodelskiPADL07,
  author    = {Andreas Podelski and
               Andrey Rybalchenko},
  title     = {{ARMC}: The Logical Choice for Software Model Checking with
               Abstraction Refinement},
  booktitle = {PADL},
  year      = {2007},
  pages     = {245-259},
  ee        = {http://dx.doi.org/10.1007/978-3-540-69611-7_16},
  bibsource = {DBLP, http://dblp.uni-trier.de}
}

@inproceedings{SLAMProjectPOPL2002,
  author    = {Thomas Ball and
               Sriram K. Rajamani},
  title     = {The {SLAM} project: debugging system software via static analysis},
  booktitle = {POPL},
  year      = {2002},
}


@inproceedings{FSoftCAV2005,
  author    = {Franjo Ivancic and
               Zijiang Yang and
               Malay K. Ganai and
               Aarti Gupta and
               Ilya Shlyakhter and
               Pranav Ashar},
  title     = {{F-Soft}: Software Verification Platform},
  booktitle = {CAV},
  year      = {2005}
}


@INPROCEEDINGS{BlanchetPLDI03,
  AUTHOR = {Blanchet, B. and Cousot, P. and Cousot, R. and Feret, J. and Mauborgne, L. and Min{\'e}, A. and Monniaux, D. and Rival, X.},
  TITLE = {A Static Analyzer for Large Safety-Critical Software},
  BOOKTITLE = {PLDI},
  YEAR = 2003,
}

@inproceedings{FerrraraOOPSLA08,
  author    = {Pietro Ferrara and
               Francesco Logozzo and
               Manuel F{\"a}hndrich},
  title     = {Safer unsafe code for {.NET}},
  booktitle = {OOPSLA},
  year      = {2008},
}

@inproceedings{GuptaICCD05,
  author    = {Anubhav Gupta and
               Edmund M. Clarke},
  title     = {Reconsidering {CEGAR}: Learning Good Abstractions without
               Refinement},
  booktitle = {ICCD},
  year      = {2005},
  pages     = {591-598},
  ee        = {http://doi.ieeecomputersociety.org/10.1109/ICCD.2005.91},
  bibsource = {DBLP, http://dblp.uni-trier.de}
}

@inproceedings{McMillanCAV06,
  author    = {Kenneth L. McMillan},
  title     = {Lazy Abstraction with Interpolants},
  booktitle = {CAV},
  year      = {2006},
  pages     = {123-136},
  ee        = {http://dx.doi.org/10.1007/11817963_14},
  bibsource = {DBLP, http://dblp.uni-trier.de}
}

@inproceedings{QadeerPLDI04,
  author    = {Shaz Qadeer and
               Dinghao Wu},
  title     = {{KISS}: keep it simple and sequential},
  booktitle = {PLDI},
  year      = 2004,
  pages     = {14-24},
  ee        = {http://doi.acm.org/10.1145/996841.996845},
  bibsource = {DBLP, http://dblp.uni-trier.de}
}

@article{CohenFMSD09,
  author    = {Ariel Cohen and
               Kedar S. Namjoshi},
  title     = {Local proofs for global safety properties},
  journal   = {FMSD},
  volume    = 34,
  number    = 2,
  year      = 2009,
  pages     = {104-125},
  bibsource = {DBLP, http://dblp.uni-trier.de}
}

@inproceedings{McMillanTACAS03,
  author    = {Kenneth L. McMillan and
               Nina Amla},
  title     = {Automatic Abstraction without Counterexamples},
  booktitle = {TACAS},
  year      = {2003},
  pages     = {2-17},
  bibsource = {DBLP, http://dblp.uni-trier.de}
}


@article{PodelskiDelzanoDMCSTTT,
  author    = {Giorgio Delzanno and
               Andreas Podelski},
  title     = {Constraint-based deductive model checking},
  journal   = {STTT},
  volume    = {3},
  number    = {3},
  year      = {2001},
  pages     = {250--270},
}

@article{FlanaganCLP,
  author    = {Cormac Flanagan},
  title     = {Automatic software model checking via constraint logic},
  journal   = {Sci.\ Comput.\ Program.},
  volume    = {50},
  number    = {1--3},
  year      = {2004},
  pages     = {253--270},
}

@inproceedings{GulwaniConstraints,
  author    = {Sumit Gulwani and
               Saurabh Srivastava and
               Ramarathnam Venkatesan},
  title     = {Program analysis as constraint solving},
  booktitle = {PLDI},
  year      = {2008},
  publisher = {ACM},
}


@inproceedings{JSCInterpolation,
  author    = {Andrey Rybalchenko and
               Viorica Sofronie-Stokkermans},
  title     = {Constraint Solving for Interpolation},
  booktitle = {VMCAI},
  year      = 2007,
}

@InProceedings{PR04:LinearRanking,
  author = 	 {Andreas Podelski and Andrey Rybalchenko},
  title = 	 {A Complete Method for the Synthesis of Linear Ranking Functions},
  booktitle =    {VMCAI},
  publisher =    {Springer},
  pages =	 {239--251},
  year =	 2004,
}

@inproceedings{BradleyCAV05,
  author    = {Aaron R. Bradley and
               Zohar Manna and
               Henny B. Sipma},
  title     = {Linear Ranking with Reachability},
  booktitle = {CAV},
  year      = {2005},
}

@inproceedings{CSIsat,
  author    = {Dirk Beyer and
               Damien Zufferey and
               Rupak Majumdar},
  title     = {{CSIsat}: Interpolation for {LA+EUF}},
  booktitle = {CAV},
  year      = {2008},
}

@inproceedings{McMillanCAV03,
  author    = {Kenneth L. McMillan},
  title     = {Interpolation and SAT-Based Model Checking},
  booktitle = {CAV},
  year      = {2003},
}

@article{McMillanSplitProver,
  author    = {Kenneth L. McMillan},
  title     = {An interpolating theorem prover},
  journal   = {Theor.\ Comput.\ Sci.},
  volume    = {345},
  number    = {1},
  year      = {2005},
  pages     = {101--121},
}


@article{AikenSets,
  author    = {Alexander Aiken},
  title     = {Introduction to Set Constraint-Based Program Analysis},
  journal   = {Sci. Comput. Program.},
  volume    = {35},
  number    = {2},
  year      = {1999},
  pages     = {79--111},
}

@inproceedings{JaffarCP09,
  author    = {Joxan Jaffar and
               Andrew E. Santosa and
               Razvan Voicu},
  title     = {An Interpolation Method for CLP Traversal},
  booktitle = {CP},
  year      = {2009},
}

@inproceedings{JaffarICLP05,
  author    = {Joxan Jaffar and
               Andrew E. Santosa and
               Razvan Voicu},
  title     = {Modeling Systems in CLP},
  booktitle = {ICLP},
  year      = {2005},
}

@inproceedings{JhalaPOPL07,
  author    = {Ranjit Jhala and
               Rupak Majumdar},
  title     = {Interprocedural analysis of asynchronous programs},
  booktitle = {POPL},
  year      = {2007},
  pages     = {339-350},
  ee        = {http://doi.acm.org/10.1145/1190216.1190266}
}

@inproceedings{GantyPOPL09,
  author    = {Pierre Ganty and
               Rupak Majumdar and
               Andrey Rybalchenko},
  title     = {Verifying liveness for asynchronous programs},
  booktitle = {POPL},
  year      = {2009},
  pages     = {102-113},
  ee        = {http://doi.acm.org/10.1145/1480881.1480895}
}

@inproceedings{MusuvathiPLDI07,
  author    = {Madanlal Musuvathi and
               Shaz Qadeer},
  title     = {Iterative context bounding for systematic testing of multithreaded
               programs},
  booktitle = {PLDI},
  year      = {2007},
  pages     = {446-455},
  ee        = {http://doi.acm.org/10.1145/1250734.1250785}
}

@inproceedings{MusuvathiOSDI08,
  author    = {Madanlal Musuvathi and
               Shaz Qadeer and
               Thomas Ball and
               G{\'e}rard Basler and
               Piramanayagam Arumuga Nainar and
               Iulian Neamtiu},
  title     = {Finding and Reproducing {Heisenbugs} in Concurrent Programs},
  booktitle = {OSDI},
  year      = {2008},
  pages     = {267-280},
  ee        = {http://www.usenix.org/events/osdi08/tech/full_papers/musuvathi/musuvathi.pdf}
}

@inproceedings{LalCAV08,
  author    = {Akash Lal and
               Thomas W. Reps},
  title     = {Reducing Concurrent Analysis Under a Context Bound to Sequential
               Analysis},
  booktitle = {CAV},
  year      = {2008},
  pages     = {37-51},
  ee        = {http://dx.doi.org/10.1007/978-3-540-70545-1_7}
}

@inproceedings{SuwimonteerabuthSPIN08,
  author    = {Dejvuth Suwimonteerabuth and
               Javier Esparza and
               Stefan Schwoon},
  title     = {Symbolic Context-Bounded Analysis of Multithreaded {Java}
               Programs},
  booktitle = {SPIN},
  year      = {2008},
  pages     = {270-287},
  ee        = {http://dx.doi.org/10.1007/978-3-540-85114-1_19}
}

@inproceedings{FlanaganPOPL05,
  author    = {Cormac Flanagan and
               Patrice Godefroid},
  title     = {Dynamic partial-order reduction for model checking software},
  booktitle = {POPL},
  year      = {2005},
  pages     = {110-121},
  ee        = {http://doi.acm.org/10.1145/1040305.1040315}
}

@inproceedings{KahlonCAV06,
  author    = {Vineet Kahlon and
               Aarti Gupta and
               Nishant Sinha},
  title     = {Symbolic Model Checking of Concurrent Programs Using Partial
               Orders and On-the-Fly Transactions},
  booktitle = {CAV},
  year      = {2006},
  pages     = {286-299},
  ee        = {http://dx.doi.org/10.1007/11817963_28}
}

@inproceedings{WangTACAS08,
  author    = {Chao Wang and
               Zijiang Yang and
               Vineet Kahlon and
               Aarti Gupta},
  title     = {Peephole Partial Order Reduction},
  booktitle = {TACAS},
  year      = {2008},
  pages     = {382-396},
  ee        = {http://dx.doi.org/10.1007/978-3-540-78800-3_29}
}

@inproceedings{KahlonTACAS09,
  author    = {Vineet Kahlon and
               Sriram Sankaranarayanan and
               Aarti Gupta},
  title     = {Semantic Reduction of Thread Interleavings in Concurrent
               Programs},
  booktitle = {TACAS},
  year      = {2009},
  pages     = {124-138},
  ee        = {http://dx.doi.org/10.1007/978-3-642-00768-2_12}
}

@inproceedings{KahlonCAV09,
  author    = {Vineet Kahlon and
               Chao Wang and
               Aarti Gupta},
  title     = {Monotonic Partial Order Reduction: An Optimal Symbolic Partial
               Order Reduction Technique},
  booktitle = {CAV},
  year      = {2009},
  pages     = {398-413},
  ee        = {http://dx.doi.org/10.1007/978-3-642-02658-4_31}
}

@inproceedings{MonniauxEMSOFT07,
  author    = {David Monniaux},
  title     = {Verification of device drivers and intelligent controllers:
               a case study},
  booktitle = {EMSOFT},
  year      = {2007},
  pages     = {30-36},
  ee        = {http://doi.acm.org/10.1145/1289927.1289937}
}

@inproceedings{LahiriVMCAI10,
  author    = {Shuvendu K. Lahiri and
               Alexander Malkis and
               Shaz Qadeer},
  title     = {Abstract Threads},
  booktitle = {VMCAI},
  year      = {2010},
  pages     = {231-246},
  ee        = {http://dx.doi.org/10.1007/978-3-642-11319-2_18}
}

@inproceedings{HenzingerCAV03,
  author    = {Thomas A. Henzinger and
               Ranjit Jhala and
               Rupak Majumdar and
               Shaz Qadeer},
  title     = {Thread-Modular Abstraction Refinement},
  booktitle = {CAV},
  year      = {2003},
  pages     = {262-274},
  ee        = {http://springerlink.metapress.com/openurl.asp?genre=article{\&}issn=0302-9743{\&}volume=2725{\&}spage=262}
}

@inproceedings{MalkisSAS07,
  author    = {Alexander Malkis and
               Andreas Podelski and
               Andrey Rybalchenko},
  title     = {Precise Thread-Modular Verification},
  booktitle = {SAS},
  year      = {2007},
  pages     = {218-232},
  ee        = {http://dx.doi.org/10.1007/978-3-540-74061-2_14}
}

@inproceedings{MalkisSAS10,
  author    = {Alexander Malkis and
               Andreas Podelski and
               Andrey Rybalchenko},
  title     = {Thread-Modular Counterexample-Guided Abstraction Refinement},
  booktitle = {SAS},
  year      = {2010}
}

@inproceedings{PnueliCAV02,
  author    = {Amir Pnueli and
               Jessie Xu and
               Lenore D. Zuck},
  title     = {Liveness with (0, 1, infty)-Counter Abstraction},
  booktitle = {CAV},
  year      = {2002},
  pages     = {107-122},
  ee        = {http://link.springer.de/link/service/series/0558/bibs/2404/24040107.htm}
}

@inproceedings{ClarkeTACAS08,
  author    = {Edmund M. Clarke and
               Muralidhar Talupur and
               Helmut Veith},
  title     = {Proving {Ptolemy} Right: The Environment Abstraction Framework
               for Model Checking Concurrent Systems},
  booktitle = {TACAS},
  year      = {2008},
  pages     = {33-47},
  ee        = {http://dx.doi.org/10.1007/978-3-540-78800-3_4}
}

@inproceedings{BaslerCAV09,
  author    = {G{\'e}rard Basler and
               Michele Mazzucchi and
               Thomas Wahl and
               Daniel Kroening},
  title     = {Symbolic Counter Abstraction for Concurrent Software},
  booktitle = {CAV},
  year      = {2009},
  pages     = {64-78},
  ee        = {http://dx.doi.org/10.1007/978-3-642-02658-4_9}
}

@inproceedings{BaslerTACAS10,
  author    = {G{\'e}rard Basler and
               Matthew Hague and
               Daniel Kroening and
               C.-H. Luke Ong and
               Thomas Wahl and
               Haoxian Zhao},
  title     = {Boom: Taking Boolean Program Model Checking One Step Further},
  booktitle = {TACAS},
  year      = {2010},
  pages     = {145-149},
  ee        = {http://dx.doi.org/10.1007/978-3-642-12002-2_11}
}

@inproceedings{XiePOPL05,
  author    = {Yichen Xie and
               Alexander Aiken},
  title     = {Scalable error detection using boolean satisfiability},
  booktitle = {POPL},
  year      = {2005},
  pages     = {351-363},
  ee        = {http://doi.acm.org/10.1145/1040305.1040334}
}

@inproceedings{WitkowskiASE07,
  author    = {Thomas Witkowski and
               Nicolas Blanc and
               Daniel Kroening and
               Georg Weissenbacher},
  title     = {Model checking concurrent {Linux} device drivers},
  booktitle = {ASE},
  year      = {2007},
  pages     = {501-504},
  ee        = {http://doi.acm.org/10.1145/1321631.1321719}
}

@inproceedings{GotsmanPLDI07,
  author    = {Alexey Gotsman and
               Josh Berdine and
               Byron Cook and
               Mooly Sagiv},
  title     = {Thread-modular shape analysis},
  booktitle = {PLDI},
  year      = {2007},
  pages     = {266-277},
  ee        = {http://doi.acm.org/10.1145/1250734.1250765}
}

@inproceedings{FlanaganPLDI08,
  author    = {Cormac Flanagan and
               Stephen N. Freund and
               Jaeheon Yi},
  title     = {Velodrome: a sound and complete dynamic atomicity checker
               for multithreaded programs},
  booktitle = {PLDI},
  year      = {2008},
  pages     = {293-303},
  ee        = {http://doi.acm.org/10.1145/1375581.1375618}
}

@inproceedings{FlanaganPLDI09,
  author    = {Cormac Flanagan and
               Stephen N. Freund},
  title     = {{FastTrack}: efficient and precise dynamic race detection},
  booktitle = {PLDI},
  year      = {2009},
  pages     = {121-133},
  ee        = {http://doi.acm.org/10.1145/1542476.1542490}
}

@inproceedings{LahiriCAV09,
  author    = {Shuvendu K. Lahiri and
               Shaz Qadeer and
               Zvonimir Rakamaric},
  title     = {Static and Precise Detection of Concurrency Errors in Systems
               Code Using {SMT} Solvers},
  booktitle = {CAV},
  year      = {2009},
  pages     = {509-524},
  ee        = {http://dx.doi.org/10.1007/978-3-642-02658-4_38}
}

@inproceedings{VafeiadisVMCAI10,
  author    = {Viktor Vafeiadis},
  title     = {{RGSep} Action Inference},
  booktitle = {VMCAI},
  year      = {2010},
  pages     = {345-361},
  ee        = {http://dx.doi.org/10.1007/978-3-642-11319-2_25}
}

@inproceedings{BurckhardtPLDI07,
  author    = {Sebastian Burckhardt and
               Rajeev Alur and
               Milo M. K. Martin},
  title     = {{CheckFence}: checking consistency of concurrent data types
               on relaxed memory models},
  booktitle = {PLDI},
  year      = {2007},
  pages     = {12-21},
  ee        = {http://doi.acm.org/10.1145/1250734.1250737}
}

@inproceedings{BurckhardtCAV08,
  author    = {Sebastian Burckhardt and
               Madanlal Musuvathi},
  title     = {Effective Program Verification for Relaxed Memory Models},
  booktitle = {CAV},
  year      = {2008},
  pages     = {107-120},
  ee        = {http://dx.doi.org/10.1007/978-3-540-70545-1_12}
}

@inproceedings{NeculaCC02,
  author    = {George C. Necula and
               Scott McPeak and
               Shree Prakash Rahul and
               Westley Weimer},
  title     = {{CIL}: Intermediate Language and Tools for Analysis and Transformation
               of {C} Programs},
  booktitle = {CC},
  year      = {2002},
  pages     = {213-228},
  ee        = {http://link.springer.de/link/service/series/0558/bibs/2304/23040213.htm},
}

@article{JonesTOPLAS83,
  author    = {Cliff B. Jones},
  title     = {Tentative Steps Toward a Development Method for Interfering
               Programs},
  journal   = {ACM Trans. Program. Lang. Syst.},
  volume    = {5},
  number    = {4},
  year      = {1983},
  pages     = {596-619},
  ee        = {http://doi.acm.org/10.1145/69575.69577},
  bibsource = {DBLP, http://dblp.uni-trier.de}
}

@book{CorbetBOOK05,
  author    = {Corbet, Jonathan and Rubini, Alessandro and Kroah-Hartman, Greg},
  title     = {Linux Device Drivers, 3rd Edition},
  year      = {2005},
  publisher = {O'Reilly Media, Inc.},
}

@inproceedings{SzymanskiICS88,
  author    = {Boleslaw K. Szymanski},
  title     = {A simple solution to {L}amport's concurrent programming problem
               with linear wait},
  booktitle = {ICS},
  year      = {1988},
  pages     = {621-626},
  ee        = {http://doi.acm.org/10.1145/55364.55425},
  bibsource = {DBLP, http://dblp.uni-trier.de}
}

@article{McKenneyLWN07,
  author    = {Paul McKenney},
  title     = {Using {Promela} and {Spin} to verify parallel algorithms},
  journal   = {LWN.net weekly edition},
  year      = {2007},
}

@inproceedings{GuptaATVA10,
  author    = {Ashutosh Gupta and
               Corneliu Popeea and
               Andrey Rybalchenko},
  title     = {Non-monotonic Refinement of Control Abstraction for Concurrent
               Programs},
  booktitle = {ATVA},
  year      = {2010},
  pages     = {188-202},
  ee        = {http://dx.doi.org/10.1007/978-3-642-15643-4_15},
  bibsource = {DBLP, http://dblp.uni-trier.de}
}

@inproceedings{McMillanTACAS04,
  author    = {Kenneth L. McMillan},
  title     = {An Interpolating Theorem Prover},
  booktitle = {TACAS},
  year      = {2004},
}

@article{RybalchenkoARMC,
  title={{The ARMC tool}},
  author={Andrey Rybalchenko},
  journal={Available from http://www7.in.tum.de/\~{}rybal/armc/}
}

@article{OwickiAI76,
  author    = {Susan S. Owicki and
               David Gries},
  title     = {An Axiomatic Proof Technique for Parallel Programs {I}},
  journal   = {Acta Inf.},
  volume    = {6},
  year      = {1976},
  pages     = {319-340},
  bibsource = {DBLP, http://dblp.uni-trier.de}
}

@inproceedings{TransPred05,
  author    = {Andreas Podelski and
               Andrey Rybalchenko},
  title     = {Transition predicate abstraction and fair termination},
  booktitle = {POPL},
  year      = {2005},
  pages     = {132-144},
  ee        = {http://doi.acm.org/10.1145/1040305.1040317},
  bibsource = {DBLP, http://dblp.uni-trier.de}
}
