@inproceedings{HMC,
  author    = {Ranjit Jhala and Rupak Majumdar and Andrey Rybalchenko},
  title     = {{HMC}: Verifying Functional Programs Using Abstract Interpreters},
  booktitle = {CAV},
  year      = {2011},
}

@inproceedings{KobayashiPLDI11,
 author = {Kobayashi, Naoki and Sato, Ryosuke and Unno, Hiroshi},
 title = {Predicate abstraction and {CEGAR} for higher-order model checking},
 booktitle = {PLDI},
 year = {2011},
}

@inproceedings{DSolveCAV,
  author    = {Ming Kawaguchi and
               Patrick Maxim Rondon and
               Ranjit Jhala},
  title     = {Dsolve: Safety Verification via Liquid Types},
  booktitle = {CAV},
  year      = {2010},
}

@article{Kobayashi05,
 author = {Igarashi, Atsushi and Kobayashi, Naoki},
 title = {Resource usage analysis},
 journal = {ACM Trans. Program. Lang. Syst.},
 year = {2005},
} 

@inproceedings{Terauchi02,
 author = {Foster, Jeffrey S. and Terauchi, Tachio and Aiken, Alex},
 title = {Flow-sensitive type qualifiers},
 booktitle = {PLDI},
 year = {2002},
} 

@inproceedings{Kobayashi11,
 author = {Kobayashi, Naoki and Sato, Ryosuke and Unno, Hiroshi},
 title = {Predicate abstraction and CEGAR for higher-order model checking},
 booktitle = {PLDI},
 year = {2011},
} 

@inproceedings{DoNotation,
 author = {Hutton, Graham and Meijer, Erik},
 title = {{Monadic parsing in Haskell}},
 journal = {{J.\ of Functional Programming}},
 year = {1998},
} 

@misc{Camlp4-dist,
  author = {Pouillard, Nicolas},
  title = {{Camlp4}},
  publisher = {INRIA},
  note = {Retrieved on 11/07/2011},
  URL = {http://brion.inria.fr/gallium/index.php/Camlp4}
}

@inproceedings{transitioninvariants,
 author = {Podelski, Andreas and Rybalchenko, Andrey},
 title = {Transition Invariants},
 booktitle = {LICS},
 year = {2004},
} 

@inproceedings{freetheorems,
 author = {Voigtl\"{a}nder, Janis},
 title = {Free theorems involving type constructor classes: functional pearl},
 booktitle = {ICFP},
 year = {2009},
} 


@inproceedings{terminator,
  author    = {Byron Cook and
               Andreas Podelski and
               Andrey Rybalchenko},
  title     = {Terminator: Beyond Safety},
  booktitle = {CAV},
  year      = {2006},
}


@inproceedings{copytrick,
  author    = {Byron Cook and
               Andreas Podelski and
               Andrey Rybalchenko},
  title     = {Termination proofs for systems code},
  booktitle = {PLDI},
  year      = {2006},
}




@inproceedings{TerauchiPOPL10,
  author    = {Tachio Terauchi},
  title     = {Dependent types from counterexamples},
  booktitle = {POPL},
  year      = {2010},
}
@Unpublished{RupakRanjit,
  author = 	 {Ranjit Jhala and Rupak Majumdar},
  title = 	 {Counterexample refinement for functional programs},
  note = 	 {available from http://www.cs.ucla.edu/\~{}rupak/Papers/CEGARFunctional.ps},
  year = 	 2009
}

@inproceedings{KobayashiPPDP09,
  author    = {Hiroshi Unno and
               Naoki Kobayashi},
  title     = {Dependent type inference with interpolants},
  booktitle = {PPDP},
  year      = {2009},
}

@inproceedings{homc,
  author    = {Naoki Kobayashi},
  title     = {Model-checking higher-order functions},
  booktitle = {PPDP},
  year      = {2009},
}


@inproceedings{slayer,
  author    = {Josh Berdine and Byron Cook and Samin Ishtiaq}, 
  title = {SLAyer: memory safety for systems-level code},
  year      = {2011},
  booktitle     = {CAV},
}

@inproceedings{fsoft,
  author    = {Franjo Ivancic and
               Zijiang Yang and
               Malay K. Ganai and
               Aarti Gupta and
               Ilya Shlyakhter and
               Pranav Ashar},
  title     = {F-Soft: Software Verification Platform},
  year      = {2005},
  booktitle     = {CAV},
}


@inproceedings{Astree,
  author    = {Bruno Blanchet and
               Patrick Cousot and
               Radhia Cousot and
               J{\'e}r{\^o}me Feret and
               Laurent Mauborgne and
               Antoine Min{\'e} and
               David Monniaux and
               Xavier Rival},
  title     = {A static analyzer for large safety-critical software},
  year      = {2003},
  booktitle     = {PLDI},
}


@inproceedings{SDV,
  author    = {Thomas Ball and
               Ella Bounimova and
               Byron Cook and
               Vladimir Levin and
               Jakob Lichtenberg and
               Con McGarvey and
               Bohus Ondrusek and
               Sriram K. Rajamani and
               Abdullah Ustuner},
  title     = {Thorough static analysis of device drivers},
  year      = {2006},
  booktitle     = {EuroSys},
}

@inproceedings{BlastSlic,
  author    = {Dirk Beyer and
               Adam J. Chlipala and
               Thomas A. Henzinger and
               Ranjit Jhala and
               Rupak Majumdar},
  title     = {The Blast Query Language for Software Verification.},
  year      = {2004},
  booktitle     = {SAS},
}

@inproceedings{TermSlic,
  author    = {Byron Cook and
               Alexey Gotsman and
               Andreas Podelski and
               Andrey Rybalchenko and
               Moshe Y. Vardi},
  title     = {Proving that programs eventually do something good},
  year      = {2007},
  booktitle     = {POPL},
}

@ARTICLE{Milner78,
    author = {Robin Milner},
    title = {A theory of type polymorphism in programming},
    journal = {Journal of Computer and System Sciences},
    year = {1978},
    volume = {17},
    pages = {348--375}
}

@inproceedings{DamasMilner82,
 author = {Damas, Luis and Milner, Robin},
 title = {Principal type-schemes for functional programs},
 booktitle = {POPL},
 year = {1982},
} 

@inproceedings{Vardi86,
  address = {Cambridge},
  author = {Moshe Y. Vardi and Pierre Wolper},
  booktitle = {LICS},
  title = {An Automata-Theoretic Approach to Automatic Program Verification},
  year = 1986,
}

@TECHREPORT{LeroyPhD92,
  AUTHOR = {Xavier Leroy},
  TITLE = {Polymorphic typing of an algorithmic language},
  TYPE = {Research report},
  NUMBER = {1778},
  INSTITUTION = {INRIA},
  YEAR = {1992},
}


@techreport{Slic,
  author      = {Thomas Ball and
               Sriram K. Rajamani},
  title       = {{SLIC: a {S}pecification Language for Interface Checking (of C)}},
  institution = {MSR},
  year        = 2002,
}

@inproceedings{Slam,
  author    = {Thomas Ball and
               Sriram K. Rajamani},
  title     = {The {SLAM} project: debugging system software via static analysis},
  booktitle = {POPL},
  year      = 2002,
}

@inproceedings{Blast,
  author    = {Thomas A. Henzinger and
               Ranjit Jhala and
               Rupak Majumdar and
               Gr{\'e}goire Sutre},
  title     = {Lazy abstraction},
  booktitle = {POPL},
  year      = {2002},
}

@inproceedings{Dsolve,
  author    = {Ming Kawaguchi and
               Patrick Maxim Rondon and
               Ranjit Jhala},
  title     = {Type-based data structure verification},
  booktitle = {PLDI},
  year      = {2009},
}

@misc{ocamlmanual,
  author = {Xavier Leroy and Damien Doligez and Alain Frisch and
                  Jacques Garrigue and Didier R\'{e}my and
                  J\'{e}r\^{o}me Vouillon},
  title = {The Objective Caml system release 3.12.},
  publisher = {INRIA},
  month = {June},
  day = {16},
  year = {2010},
}

@misc{ocamlsystem,
  author = {Xavier Leroy and Damien Doligez and Alain Frisch and
                  Jacques Garrigue and Didier R\'{e}my and
                  J\'{e}r\^{o}me Vouillon},
  title = {Latest Objective Caml release},
  publisher = {INRIA},
  month = {August},
  day = {02},
  year = {2010},
}


@misc{camlp5,
  author = {{Daniel de Rauglaudre}},
  title = {{Camlp5}},
  publisher = {INRIA},
  month = {December},
  day = 05,
  year = 2010,
}

@misc{Dsolve-dist,
  author = {Ming Kawaguchi and
               Patrick Maxim Rondon and
               Ranjit Jhala},
  title = {{Liquid Types}},
  publisher = {University of California, San Diego},
  note = {Retrieved on 19/02/2011 from http://pho.ucsd.edu/liquid/},
  URL = {http://pho.ucsd.edu/liquid/}
}

@inproceedings{Hofmann00,
 author = {Hofmann, Martin},
 title = {A Type System for Bounded Space and Functional In-Place Update--Extended Abstract},
 booktitle = {ESOP},
 year = {2000},
}

@inproceedings{Hofmann03,
 author = {Hofmann, Martin and Jost, Steffen},
 title = {Static prediction of heap space usage for first-order functional programs},
 booktitle = {POPL},
 year = {2003},
}

@inproceedings{Hofmann02,
 author = {Hofmann, Martin},
 title = {The strength of non-size increasing computation},
 booktitle = {POPL},
 year = {2002},
} 

@inproceedings{Kobayashi09,
 author = {Kobayashi, Naoki},
 title = {Types and higher-order recursion schemes for verification of higher-order programs},
 booktitle = {POPL},
 year = {2009},
}

@inproceedings{Wadler95,
  author    = {Philip Wadler},
  title     = {Monads for Functional Programming},
  booktitle = {Advanced Functional Programming},
  year      = {1995},
  pages     = {24-52},
}

@phdthesis{DanaPhd,
author = {Dana N. Xu},
title = {{Static Contract Checking for Haskell}},
school = {{University of Cambridge}},
year = {2008},
month = {August}
}

@inproceedings{Hofmann11,
 author = {Hoffmann, Jan and Aehlig, Klaus and Hofmann, Martin},
 title = {Multivariate amortized resource analysis},
 booktitle = {POPL},
 year = {2011},
}


@INPROCEEDINGS{Armc,
    author = {Andreas Podelski and Andrey Rybalchenko},
    title = {ARMC: the logical choice for software model checking with abstraction refinement},
    booktitle = {In PADL},
    year = {2007},
}

@INPROCEEDINGS{Ong06,
    author = {C. -h. L. Ong},
    title = {On model-checking trees generated by higher-order recursion schemes},
    booktitle = {LICS},
    year = {2006},
}

@inproceedings{Jost10,
  author    = {Steffen Jost and
               Kevin Hammond and
               Hans-Wolfgang Loidl and
               Martin Hofmann},
  title     = {Static determination of quantitative resource usage for
               higher-order programs},
  booktitle = {POPL},
  year      = {2010},
}

@Unpublished{FunVTechReport,
 author    = {Blinded},
 title     = {Temporal Monitoring and Verification of Functional Programs},
 note      = {Technical report. Available through the PC chair},
 year      = 2011,
}


@phdthesis{Sereni05terminationanalysis,
author = {Damien Sereni},
title = {{Termination Analysis of Higher-Order Functional Programs}},
school = {{University of Oxford}},
year = {2006},
}

@inproceedings{SereniICFP07,
  author    = {Damien Sereni},
  title     = {Termination analysis and call graph construction for higher-order
               functional programs},
  booktitle = {ICFP},
  year      = {2007},
}

@inproceedings{SereniAPLAS05,
  author    = {Damien Sereni and
               Neil D. Jones},
  title     = {Termination Analysis of Higher-Order Functional Programs},
  booktitle = {APLAS},
  year      = {2005},
}


@inproceedings{SCTPOPL2001,
  author    = {Chin Soon Lee and
               Neil D. Jones and
               Amir M. Ben-Amram},
  title     = {The size-change principle for program termination},
  booktitle = {POPL},
  year      = {2001},
}

@inproceedings{Impact,
  author    = {Kenneth L. McMillan},
  title     = {Lazy Abstraction with Interpolants},
  booktitle = {CAV},
  year      = {2006},
}

@article{GieslHaskell,
 author = {Giesl, J\"{u}rgen and Raffelsieper, Matthias and Schneider-Kamp, Peter and Swiderski, Stephan and Thiemann, Ren{\'e}},
 title = {Automated termination proofs for haskell by term rewriting},
 journal = {ACM Trans. Program. Lang. Syst.},
 volume = {33},
 issue = {2},
 year = {2011},
} 

@article{julia,
  author    = {Fausto Spoto and
               Fred Mesnard and
               {\'E}tienne Payet},
  title     = {A termination analyzer for Java bytecode based on path-length},
  journal   = {ACM Trans. Program. Lang. Syst.},
  volume    = {32},
  number    = {3},
  year      = {2010},
}

@inproceedings{GieslBytecode,
  author    = {Carsten Otto and
               Marc Brockschmidt and
               Christian von Essen and
               J{\"u}rgen Giesl},
  title     = {Automated Termination Analysis of Java Bytecode by Term
               Rewriting},
  booktitle = {RTA},
  year      = {2010},
}
@inproceedings{KroeningCAV10,
  author    = {Daniel Kroening and
               Natasha Sharygina and
               Aliaksei Tsitovich and
               Christoph M. Wintersteiger},
  title     = {Termination Analysis with Compositional Transition Invariants},
  booktitle = {CAV},
  year      = {2010},
}
@inproceedings{YangESOP08,
  author    = {Aziem Chawdhary and
               Byron Cook and
               Sumit Gulwani and
               Mooly Sagiv and
               Hongseok Yang},
  title     = {Ranking Abstractions},
  booktitle = {ESOP},
  year      = {2008},
}

@inproceedings{SepLogTerm,
  author    = {Josh Berdine and
               Byron Cook and
               Dino Distefano and
               Peter W. O'Hearn},
  title     = {Automatic Termination Proofs for Programs with Shape-Shifting
               Heaps},
  booktitle = {CAV},
  year      = {2006},
}


@article{CACM,
  author    = {Byron Cook and
               Andreas Podelski and
               Andrey Rybalchenko},
  title     = {Proving program termination},
  journal   = {Commun. ACM},
  volume    = 54,
  number    = 5,
  year      = 2011,
}


@inproceedings{CousotPOPL12,
  author    = {Patrick Cousot and
               Radhia Cousot},
  title     = {An abstract interpretation framework for termination},
  booktitle = {POPL},
  year      = {2012},
}

@inproceedings{PodelskiSAS10,
  author    = {Matthias Heizmann and
               Neil D. Jones and
               Andreas Podelski},
  title     = {Size-Change Termination and Transition Invariants},
  booktitle = {SAS},
  year      = {2010},
}

@inproceedings{MightPOPL11,
  author    = {Tarun Prabhu and
               Shreyas Ramalingam and
               Matthew Might and
               Mary W. Hall},
  title     = {EigenCFA: accelerating flow analysis with {GPU}s},
  booktitle = {POPL},
  year      = {2011},
}

@article{MightJFP08,
  author    = {Matthew Might and
               Olin Shivers},
  title     = {Exploiting reachability and cardinality in higher-order
               flow analysis},
  journal   = {J.\ Funct. Program.},
  volume    = {18},
  number    = {5-6},
  year      = {2008},
}

@inproceedings{Shivers88,
  author    = {Olin Shivers},
  title     = {Control-Flow Analysis in Scheme},
  booktitle = {PLDI},
  year      = {1988},
}


@inproceedings{CousotHigherOrder94,
  author    = {Patrick Cousot and
               Radhia Cousot},
  title     = {Invited Talk: Higher Order Abstract Interpretation (and
               Application to Comportment Analysis Generalizing Strictness,
               Termination, Projection, and PER Analysis},
  booktitle = {ICCL},
  year      = {1994},
}

@inproceedings{JonesBohr04,
  author    = {Neil D. Jones and
               Nina Bohr},
  title     = {Termination Analysis of the Untyped lamba-Calculus},
  booktitle = {RTA},
  year      = {2004},
}


@inproceedings{MightSCHEME2010,
  author    = {Christopher Earl and Matthew Might and David Van Horn},
  title     = {Pushdown control-flow analysis of higher-order programs: Precise, polyvariant and polynomial-time},
  booktitle = {Scheme},
  year      = {2010},
}
