@inproceedings{KaiserKWCONCUR12,
  author    = {Alexander Kaiser and
               Daniel Kroening and
               Thomas Wahl},
  title     = {Efficient Coverability Analysis by Proof Minimization},
  booktitle = {CONCUR},
  year      = {2012},
  pages     = {500-515},
  ee        = {http://dx.doi.org/10.1007/978-3-642-32940-1_35},
  bibsource = {DBLP, http://dblp.uni-trier.de}
}


@inproceedings{BouajjaniEmmi12,
  author    = {Ahmed Bouajjani and
               Michael Emmi},
  title     = {Bounded Phase Analysis of Message-Passing Programs},
  booktitle = {TACAS},
  year      = {2012},
  pages     = {451-465},
  ee        = {http://dx.doi.org/10.1007/978-3-642-28756-5_31},
  bibsource = {DBLP, http://dblp.uni-trier.de}
}


@article{GantyM12,
  author    = {Pierre Ganty and
               Rupak Majumdar},
  title     = {Algorithmic verification of asynchronous programs},
  journal   = {ACM Trans. Program. Lang. Syst.},
  volume    = {34},
  number    = {1},
  year      = {2012},
  pages     = {6},
  ee        = {http://doi.acm.org/10.1145/2160910.2160915},
  bibsource = {DBLP, http://dblp.uni-trier.de}
}


@inproceedings{ValmariH12,
  author    = {Valmari, Antti and Hansen, Henri},
  title     = {Old and New Algorithms for Minimal Coverability Sets},
  booktitle = {Petri Nets},
  year      = {2012},
  pages     = {208-227},
  ee        = {http://dx.doi.org/10.1007/978-3-642-31131-4_12},
  bibsource = {DBLP, http://dblp.uni-trier.de}
}

@inproceedings{MajumdarW13,
  author    = {Majumdar, Rupak and Wang, Zilong},
  title     = {Expand, Enlarge, and Check for Branching Vector Addition
               Systems},
  booktitle = {CONCUR},
  year      = {2013},
  pages     = {152-166},
  ee        = {http://dx.doi.org/10.1007/978-3-642-40184-8_12},
  bibsource = {DBLP, http://dblp.uni-trier.de}
}

@inproceedings{DelzannoRB02,
  author    = {Delzanno, Giorgio and Raskin, Jean-Fran\c{c}ois and Van Begin, Laurent},
  title     = {Towards the Automated Verification of Multithreaded {Java}
               Programs},
  booktitle = {TACAS},
  year      = {2002},
  pages     = {173-187},
  ee        = {http://dx.doi.org/10.1007/3-540-46002-0_13},
  bibsource = {DBLP, http://dblp.uni-trier.de}
}

@article{GS92,
  title={Reasoning about systems with many processes},
  author={German, Steven M and Sistla, A Prasad},
  journal={Journal of the ACM (JACM)},
  volume={39},
  number={3},
  pages={675--735},
  year={1992},
  publisher={ACM}
}

@article{KarpM69,
  author    = {Karp, Richard and Miller, Raymond},
  title     = {Parallel Program Schemata},
  journal   = {J. Comput. Syst. Sci.},
  volume    = {3},
  number    = {2},
  year      = {1969},
  pages     = {147-195},
  ee        = {http://dx.doi.org/10.1016/S0022-0000(69)80011-5},
  bibsource = {DBLP, http://dblp.uni-trier.de}
}

@article{Rackoff78,
  author    = {Rackoff, Charles},
  title     = {The Covering and Boundedness Problems for Vector Addition
               Systems},
  journal   = {Theor. Comput. Sci.},
  volume    = {6},
  year      = {1978},
  pages     = {223-231},
  ee        = {http://dx.doi.org/10.1016/0304-3975(78)90036-1},
  bibsource = {DBLP, http://dblp.uni-trier.de}
}


@book{Reisig13,
  author    = {Reisig, Wolfgang},
  title     = {Understanding {Petri} Nets - Modeling Techniques, Analysis
               Methods, Case Studies},
  publisher = {Springer},
  year      = {2013},
  isbn      = {978-3-642-33277-7},
  pages     = {I-XXVI, 1-230},
  ee        = {http://dx.doi.org/10.1007/978-3-642-33278-4},
  bibsource = {DBLP, http://dblp.uni-trier.de}
}

@article{murata1989petri,
  title={Petri nets: Properties, analysis and applications},
  author={Murata, Tadao},
  journal={Proceedings of the IEEE},
  volume={77},
  number={4},
  pages={541--580},
  year={1989},
  publisher={IEEE}
}


@inproceedings{DOsualdoSAS13,
    author    = {E. D'Osualdo and J. Kochems and C.-H. L. Ong},
    title     = {Automatic Verification of {Erlang}-Style Concurrency},
    year      = {2013},
    booktitle = {Proceedings of the 20th Static Analysis Symposium},
    series    = {SAS'13},
    location  = {Seattle, USA},
    publisher = {Springer-Verlag},
    url       = {http://mjolnir.cs.ox.ac.uk/soter/papers/sas13.pdf}
}

@inproceedings{MajumdarSAS13,
    author    = {Majumdar, Rupak and Meyer, Roland and Wang, Zilong},
    title     = {Static Provenance Verification for Message Passing Programs},
    year      = {2013},
    booktitle = {Proceedings of the 20th Static Analysis Symposium},
    series    = {SAS'13},
    location  = {Seattle, USA},
    publisher = {Springer-Verlag},
    url       = {http://www.mpi-sws.org/~zilong/Homepage/Zilong_Wang,_MPI-SWS_files/SAS13.pdf}
}

@article{GantyFI08,
    author    = {Ganty, Pierre and Raskin, Jean-Fran√ßois and Van Begin, Laurent},
    title     = {From Many Places to Few: Automatic Abstraction Refinement for {Petri} Nets},
    year      = {2008},
    journal   = {Fundam. Inform.},
    volume    = {88},
    number    = {3},
    pages     = {275-305},
    url       = {http://www.ulb.ac.be/di/ssd/pganty/mypubs/gvanbr-FI08.pdf}
}

@article{EsparzaM00,
    author    = {Javier Esparza and Stephan Melzer},
    title     = {Verification of Safety Properties Using Integer Programming: Beyond the State Equation},
    year      = {2000},
    journal   = {Formal Methods in System Design},
    volume    = {16},
    number    = {2},
    pages     = {159-189},
    url       = {http://www7.in.tum.de/um/bibdb/esparza/FMSD.ps.gz}
}

@article{LamportJACM86,
    author    = {Lamport, Leslie},
    title     = {The Mutual Exclusion Problem: Part {II}---Statement and Solutions},
    year      = {1986},
    journal   = {J. ACM},
    volume    = {33},
    number    = {2},
    pages     = {327-348},
    numpages  = {22},
    publisher = {ACM},
    address   = {New York, NY, USA},
    url       = {http://doi.acm.org/10.1145/5383.5385}
}

@book{Schrijver86,
 author = {Schrijver, Alexander},
 title = {Theory of Linear and Integer Programming},
 publisher = {John Wiley \& Sons Ltd.},
 year = {1986},
 isbn = {0-471-90854-1},
 pages = {89}
} 

@inproceedings{KaiserKW10,
  author    = {Alexander Kaiser and
               Daniel Kroening and
               Thomas Wahl},
  title     = {Dynamic Cutoff Detection in Parameterized Concurrent Programs},
  booktitle = {CAV},
  year      = {2010},
  pages     = {645-659},
  ee        = {http://dx.doi.org/10.1007/978-3-642-14295-6_55},
  bibsource = {DBLP, http://dblp.uni-trier.de}
}

@inproceedings{MouraB08,
  author    = {Leonardo Mendon\c{c}a de Moura and
               Nikolaj Bj{\o}rner},
  title     = {Z3: An Efficient {SMT} Solver},
  booktitle = {TACAS},
  year      = {2008},
  pages     = {337-340},
  ee        = {http://dx.doi.org/10.1007/978-3-540-78800-3_24},
  bibsource = {DBLP, http://dblp.uni-trier.de}
}

@inproceedings{KloosMNP13,
  author    = {Johannes Kloos and
               Rupak Majumdar and
               Filip Niksic and
               Ruzica Piskac},
  title     = {Incremental, Inductive Coverability},
  booktitle = {CAV},
  year      = {2013},
  pages     = {158-173},
  ee        = {http://dx.doi.org/10.1007/978-3-642-39799-8_10},
  bibsource = {DBLP, http://dblp.uni-trier.de}
}

@article{GeeraertsRB06,
  author    = {Gilles Geeraerts and
               Jean-Fran\c{c}ois Raskin and
               Laurent Van Begin},
  title     = {Expand, Enlarge and Check: New algorithms for the coverability
               problem of {WSTS}},
  journal   = {J. Comput. Syst. Sci.},
  volume    = {72},
  number    = {1},
  year      = {2006},
  pages     = {180-203},
  ee        = {http://dx.doi.org/10.1016/j.jcss.2005.09.001},
  bibsource = {DBLP, http://dblp.uni-trier.de}
}
@inproceedings{CEGIS,
  author    = {A. Solar-Lezama and
               L. Tancau and
               R. Bod\'{\i}k and
               S.A. Seshia and
               V.A. Saraswat},
  title     = {Combinatorial sketching for finite programs},
  booktitle = {ASPLOS},
  year      = {2006},
  pages     = {404-415},
  publisher = {ACM},
}

